<record><leader>00000cas a22000007a 4500</leader><controlfield tag="001">12877828</controlfield><controlfield tag="008">851206d18611861lauwr ne      0   a0eng c</controlfield><controlfield tag="009">439</controlfield><datafield ind1=" " ind2=" " tag="010"><subfield code="a">sn 88064477 </subfield></datafield><datafield ind1=" " ind2=" " tag="040"><subfield code="a">LUU</subfield><subfield code="b">eng</subfield><subfield code="c">LUU</subfield><subfield code="d">LNP</subfield><subfield code="d">DLC</subfield><subfield code="d">OCLCF</subfield></datafield><datafield ind1=" " ind2=" " tag="012"><subfield code="l">a</subfield></datafield><datafield ind1="0" ind2=" " tag="022"><subfield code="a">2163-6516</subfield><subfield code="2">1</subfield></datafield><datafield ind1=" " ind2=" " tag="042"><subfield code="a">pcc</subfield><subfield code="a">nsdp</subfield></datafield><datafield ind1=" " ind2=" " tag="043"><subfield code="a">n-us-la</subfield></datafield><datafield ind1="0" ind2="0" tag="050"><subfield code="a">Newspaper</subfield></datafield><datafield ind1="0" ind2="0" tag="082"><subfield code="a">070</subfield><subfield code="2">14</subfield></datafield><datafield ind1="0" ind2=" " tag="130"><subfield code="a">Shreveport weekly news (Shreveport, La. 1861)</subfield></datafield><datafield ind1=" " ind2="4" tag="222"><subfield code="a">The Shreveport weekly news</subfield><subfield code="b">(Shreveport, La. 1861)</subfield></datafield><datafield ind1="1" ind2="4" tag="245"><subfield code="a">The Shreveport weekly news.</subfield></datafield><datafield ind1=" " ind2=" " tag="260"><subfield code="a">Shreveport, La. :</subfield><subfield code="b">Jno. Dickinson</subfield></datafield><datafield ind1=" " ind2=" " tag="300"><subfield code="a">v. ;</subfield><subfield code="c">58 cm.</subfield></datafield><datafield ind1=" " ind2=" " tag="310"><subfield code="a">Weekly</subfield></datafield><datafield ind1="0" ind2=" " tag="362"><subfield code="a">Vol. 1, no. 1 (Apr. 22, 1861)-v. 1, no. 29 (Nov. 4, 1861).</subfield></datafield><datafield ind1=" " ind2=" " tag="530"><subfield code="a">Archived issues are available in digital format as part of the Library of Congress Chronicling America online collection.</subfield></datafield><datafield ind1=" " ind2=" " tag="580"><subfield code="a">Merged with: Shreveport daily news, to form: Shreveport semi-weekly news (Shreveport, La. : 1861)</subfield></datafield><datafield ind1=" " ind2="0" tag="651"><subfield code="a">Shreveport (La.)</subfield><subfield code="v">Newspapers.</subfield></datafield><datafield ind1=" " ind2="0" tag="651"><subfield code="a">Caddo Parish (La.)</subfield><subfield code="v">Newspapers.</subfield></datafield><datafield ind1=" " ind2="7" tag="655"><subfield code="a">Newspapers.</subfield><subfield code="2">fast</subfield><subfield code="0">(OCoLC)fst01423814</subfield></datafield><datafield ind1=" " ind2="7" tag="651"><subfield code="a">Louisiana</subfield><subfield code="z">Caddo Parish.</subfield><subfield code="2">fast</subfield><subfield code="0">(OCoLC)fst01207485</subfield></datafield><datafield ind1=" " ind2="7" tag="651"><subfield code="a">Louisiana</subfield><subfield code="z">Shreveport.</subfield><subfield code="2">fast</subfield><subfield code="0">(OCoLC)fst01209612</subfield></datafield><datafield ind1=" " ind2=" " tag="752"><subfield code="a">United States</subfield><subfield code="b">Louisiana</subfield><subfield code="c">Caddo</subfield><subfield code="d">Shreveport.</subfield></datafield><datafield ind1="1" ind2="7" tag="785"><subfield code="t">Shreveport daily news</subfield><subfield code="w">(DLC)sn 88064478</subfield><subfield code="w">(OCoLC)12877880</subfield></datafield><datafield ind1="1" ind2="7" tag="785"><subfield code="t">Shreveport semi-weekly news (Shreveport, La. : 1861)</subfield><subfield code="w">(DLC)sn 88064479</subfield><subfield code="w">(OCoLC)18120086</subfield></datafield><datafield ind1="4" ind2="1" tag="856"><subfield code="u">http://www.loc.gov/chroniclingamerica/lccn/sn88064477/issues</subfield></datafield></record>